@article{frank1956algorithm,
  title={An algorithm for quadratic programming},
  author={Frank, Marguerite and Wolfe, Philip and others},
  journal={Naval research logistics quarterly},
  volume={3},
  number={1-2},
  pages={95--110},
  year={1956},
  publisher={Wiley Subscription Services, Inc., A Wiley Company New York}
}

@article{koopmans1957assignment,
  title={Assignment problems and the location of economic activities},
  author={Koopmans, Tjalling C and Beckmann, Martin},
  journal={Econometrica: journal of the Econometric Society},
  pages={53--76},
  year={1957},
  publisher={JSTOR}
}

@inproceedings{berlingerio2013network,
  title={Network similarity via multiple social theories},
  author={Berlingerio, Michele and Koutra, Danai and Eliassi-Rad, Tina and Faloutsos, Christos},
  booktitle={Proceedings of the 2013 IEEE/ACM international conference on advances in social networks analysis and mining},
  pages={1439--1440},
  year={2013}
}

@inproceedings{fugal2024,
  title={FUGAL: Fast Unmediated Graph Alignment},
  author={Aditya Bommakanti and Harshith Reddy Vonteri and Konstantinos Skitsas, Sayan Ranu and Davide Mottin and Panagiotis Karras},
  year={2024},
  journal={Manuscript}
}

@inproceedings{fan2020spectral,
  title={Spectral graph matching and regularized quadratic relaxations: Algorithm and theory},
  author={Fan, Zhou and Mao, Cheng and Wu, Yihong and Xu, Jiaming},
  booktitle={International conference on machine learning},
  pages={2985--2995},
  year={2020},
  organization={PMLR}
}

@article{kuhn1955hungarian,
  title={The Hungarian method for the assignment problem},
  author={Kuhn, Harold W},
  journal={Naval research logistics quarterly},
  volume={2},
  number={1-2},
  pages={83--97},
  year={1955},
  publisher={Wiley Online Library}
}

@article{sinkhorn1967concerning,
  title={Concerning nonnegative matrices and doubly stochastic matrices},
  author={Sinkhorn, Richard and Knopp, Paul},
  journal={Pacific Journal of Mathematics},
  volume={21},
  number={2},
  pages={343--348},
  year={1967},
  publisher={Mathematical Sciences Publishers}
}

@article{cuturi2013sinkhorn,
  title={Sinkhorn distances: Lightspeed computation of optimal transportation distances},
  author={Cuturi, Marco},
  journal={arXiv preprint arXiv:1306.0895},
  year={2013}
}

@article{birkhoff1946three,
  title={Three observations on linear algebra},
  author={Birkhoff, Garrett},
  journal={Univ. Nac. Tacuman, Rev. Ser. A},
  volume={5},
  pages={147--151},
  year={1946}
}

@ARTICLE{ieeefloat,
  author={IEEE},
  journal={IEEE Std 754-2019 (Revision of IEEE 754-2008)}, 
  title={IEEE Standard for Floating-Point Arithmetic}, 
  year={2019},
  volume={},
  number={},
  pages={1-84},
  keywords={IEEE Standards;Floating-point arithmetic;arithmetic;binary;computer;decimal;exponent;floating-point;format;IEEE 754;interchange;NaN;number;rounding;significand;subnormal.},
  doi={10.1109/IEEESTD.2019.8766229}}

@article{nvidiaadaarch,
    author = {NVIDIA},
    title = {NVIDIA ADA GPU ARCHITECTURE [White Paper]},
    howpublished = "\url{https://web.archive.org/web/20240324130405/https://images.nvidia.com/aem-dam/Solutions/Data-Center/l4/nvidia-ada-gpu-architecture-whitepaper-v2.1.pdf}",
    year = 2023
}

@article{edwards1980branch,
  title={A branch and bound algorithm for the Koopmans-Beckmann quadratic assignment problem},
  author={Edwards, CS},
  journal={Combinatorial optimization II},
  pages={35--52},
  year={1980},
  publisher={Springer}
}

@article{gpgpu2007,
title = {From CUDA to OpenCL: Towards a performance-portable solution for multi-platform GPU programming},
journal = {Parallel Computing},
volume = {38},
number = {8},
pages = {391-407},
year = {2012},
note = {APPLICATION ACCELERATORS IN HPC},
issn = {0167-8191},
doi = {https://doi.org/10.1016/j.parco.2011.10.002},
url = {https://www.sciencedirect.com/science/article/pii/S0167819111001335},
author = {Peng Du and Rick Weber and Piotr Luszczek and Stanimire Tomov and Gregory Peterson and Jack Dongarra},
keywords = {Hardware accelerators, Portability, Auto-tuning},
}

@ARTICLE{kollias2012NSD,
  author={Kollias, Giorgos and Mohammadi, Shahin and Grama, Ananth},
  journal={IEEE Transactions on Knowledge and Data Engineering}, 
  title={Network Similarity Decomposition (NSD): A Fast and Scalable Approach to Network Alignment}, 
  year={2012},
  volume={24},
  number={12},
  pages={2232-2243},
  keywords={Approximation methods;Context awareness;Mathematical model;Computational modeling;Stability analysis;Data mining;sparse;structured;and very large systems;singular value decomposition},
  doi={10.1109/TKDE.2011.174}
}


@article{skitsas2023GAEval,
title = "Comprehensive Evaluation of Algorithms for Unrestricted Graph Alignment",
author = "Konstantinos Skitsas and Karol Or{\l}owski and Judith Hermanns and Davide Mottin and Panagiotis Karras",
year = "2023",
doi = "10.48786/edbt.2023.21",
language = "English",
isbn = "978-3-89318-088-2",
series = "Proceedings of the 21st International Conference on Extending Database Technology (EDBT),",
pages = "260--272",
booktitle = "Proceedings 26th International Conference on Extending Database Technology (EDBT 2023)",
publisher = "openproceedings.org",
}

@article{singh2008isorank,
author = {Singh, Rohit and Xu, Jinbo and Berger, Bonnie},
year = {2008},
month = {10},
pages = {12763-8},
title = {Global alignment of multiple protein interaction networks with application to functional orthology detection},
volume = {105},
journal = {Proceedings of the National Academy of Sciences of the United States of America},
doi = {10.1073/pnas.0806627105}
}

@misc{bomze2019active,
      title={Active set complexity of the Away-step Frank-Wolfe Algorithm}, 
      author={Immanuel M. Bomze and Francesco Rinaldi and Damiano Zeffiro},
      year={2019},
      eprint={1912.11492},
      archivePrefix={arXiv},
      primaryClass={math.OC}
}

@article{sahni1972qap,
author = {Sahni, Sartaj and Gonzalez, Teofilo},
year = {1976},
month = {07},
pages = {555-565},
title = {P-complete approximation problems. J ACM 23(3): 555-565},
volume = {23},
journal = {J. ACM},
doi = {10.1145/321958.321975}
}

@article{kuchaiev2010topological,
  title={Topological network alignment uncovers biological function and phylogeny},
  author={Kuchaiev, Oleksii and Milenkovi{\'c}, Tijana and Memi{\v{s}}evi{\'c}, Vesna and Hayes, Wayne and Pr{\v{z}}ulj, Nata{\v{s}}a},
  journal={Journal of the Royal Society Interface},
  volume={7},
  number={50},
  pages={1341--1354},
  year={2010},
  publisher={The Royal Society}
}

@inproceedings{bayati2009algorithms,
  title={Algorithms for large, sparse network alignment problems},
  author={Bayati, Mohsen and Gerritsen, Margot and Gleich, David F and Saberi, Amin and Wang, Ying},
  booktitle={2009 Ninth IEEE International Conference on Data Mining},
  pages={705--710},
  year={2009},
  organization={IEEE}
}

@inproceedings{chen2020cone,
  title={Cone-align: Consistent network alignment with proximity-preserving node embedding},
  author={Chen, Xiyuan and Heimann, Mark and Vahedian, Fatemeh and Koutra, Danai},
  booktitle={Proceedings of the 29th ACM International Conference on Information \& Knowledge Management},
  pages={1985--1988},
  year={2020}
}

@article{vogelstein2015fast,
  title={Fast approximate quadratic programming for graph matching},
  author={Vogelstein, Joshua T and Conroy, John M and Lyzinski, Vince and Podrazik, Louis J and Kratzer, Steven G and Harley, Eric T and Fishkind, Donniell E and Vogelstein, R Jacob and Priebe, Carey E},
  journal={PLOS one},
  volume={10},
  number={4},
  pages={e0121002},
  year={2015},
  publisher={Public Library of Science San Francisco, CA USA}
}

@Inbook{Jeon2022,
author="Jeon, Hyeran",
editor="Chattopadhyay, Anupam",
title="GPU Architecture",
bookTitle="Handbook of Computer Architecture",
year="2022",
publisher="Springer Nature Singapore",
address="Singapore",
pages="1--29",
isbn="978-981-15-6401-7",
doi="10.1007/978-981-15-6401-7_66-2",
url="https://doi.org/10.1007/978-981-15-6401-7_66-2"
}

@article{date2016gpu,
  title={GPU-accelerated Hungarian algorithms for the Linear Assignment Problem},
  author={Date, Ketan and Nagi, Rakesh},
  journal={Parallel Computing},
  volume={57},
  pages={52--72},
  year={2016},
  publisher={Elsevier}
}

@article{kawtikwar2024hylac,
  title={HyLAC: Hybrid linear assignment solver in CUDA},
  author={Kawtikwar, Samiran and Nagi, Rakesh},
  journal={Journal of Parallel and Distributed Computing},
  volume={187},
  pages={104838},
  year={2024},
  publisher={Elsevier}
}

@article{tang2024accelerating,
  title={Accelerating sinkhorn algorithm with sparse newton iterations},
  author={Tang, Xun and Shavlovsky, Michael and Rahmanian, Holakou and Tardini, Elisa and Thekumparampil, Kiran Koshy and Xiao, Tesi and Ying, Lexing},
  journal={arXiv preprint arXiv:2401.12253},
  year={2024}
}

@inproceedings{koutra2013big,
  title={Big-align: Fast bipartite graph alignment},
  author={Koutra, Danai and Tong, Hanghang and Lubensky, David},
  booktitle={2013 IEEE 13th international conference on data mining},
  pages={389--398},
  year={2013},
  organization={IEEE}
}

@inproceedings{conte2003graph,
  title={Graph matching applications in pattern recognition and image processing},
  author={Conte, Donatello and Foggia, Pasquale and Sansone, Carlo and Vento, Mario},
  booktitle={Proceedings 2003 International Conference on Image Processing (Cat. No. 03CH37429)},
  volume={2},
  pages={II--21},
  year={2003},
  organization={IEEE}
}

@article{tinney1967csr,
  title={Direct solutions of sparse network equations by optimally ordered triangular factorization},
  author={Tinney, William F and Walker, John W},
  journal={Proceedings of the IEEE},
  volume={55},
  number={11},
  pages={1801--1809},
  year={1967},
  publisher={IEEE}
}

@inproceedings{heimann2018regal,
  title={Regal: Representation learning-based graph alignment},
  author={Heimann, Mark and Shen, Haoming and Safavi, Tara and Koutra, Danai},
  booktitle={Proceedings of the 27th ACM international conference on information and knowledge management},
  pages={117--126},
  year={2018}
}

@article{kazemi2015growing,
  title={Growing a graph matching from a handful of seeds},
  author={Kazemi, Ehsan and Hassani, S Hamed and Grossglauser, Matthias},
  journal={Proceedings of the VLDB Endowment},
  volume={8},
  number={10},
  pages={1010--1021},
  year={2015},
  publisher={VLDB Endowment}
}

@inproceedings{zhang2016final,
  title={Final: Fast attributed network alignment},
  author={Zhang, Si and Tong, Hanghang},
  booktitle={Proceedings of the 22nd ACM SIGKDD international conference on knowledge discovery and data mining},
  pages={1345--1354},
  year={2016}
}

@inproceedings{hermanns2021grasp,
  title={Grasp: Graph alignment through spectral signatures},
  author={Hermanns, Judith and Tsitsulin, Anton and Munkhoeva, Marina and Bronstein, Alex and Mottin, Davide and Karras, Panagiotis},
  booktitle={Web and Big Data: 5th International Joint Conference, APWeb-WAIM 2021, Guangzhou, China, August 23--25, 2021, Proceedings, Part I 5},
  pages={44--52},
  year={2021},
  organization={Springer}
}

@inproceedings{nassar2018low,
  title={Low rank spectral network alignment},
  author={Nassar, Huda and Veldt, Nate and Mohammadi, Shahin and Grama, Ananth and Gleich, David F},
  booktitle={Proceedings of the 2018 World Wide Web Conference},
  pages={619--628},
  year={2018}
}

@article{newman2001random,
  title={Random graphs with arbitrary degree distributions and their applications},
  author={Newman, Mark EJ and Strogatz, Steven H and Watts, Duncan J},
  journal={Physical review E},
  volume={64},
  number={2},
  pages={026118},
  year={2001},
  publisher={APS}
}

@article{leskovec2007graph,
  title={Graph evolution: Densification and shrinking diameters},
  author={Leskovec, Jure and Kleinberg, Jon and Faloutsos, Christos},
  journal={ACM transactions on Knowledge Discovery from Data (TKDD)},
  volume={1},
  number={1},
  pages={2--es},
  year={2007},
  publisher={ACM New York, NY, USA}
}

@inproceedings{bader2012graph,
     title={Graph Partitioning and Graph Clustering},
     author={Bader, David A and Meyerhenke, Henning and Sanders, Peter and Wagner, Dorothea},
     booktitle={10th DIMACS Implementation Challenge Workshop},
     year={2012}
}

@article{leskovec2009community,
  title={Community structure in large networks: Natural cluster sizes and the absence of large well-defined clusters},
  author={Leskovec, Jure and Lang, Kevin J and Dasgupta, Anirban and Mahoney, Michael W},
  journal={Internet Mathematics},
  volume={6},
  number={1},
  pages={29--123},
  year={2009},
  publisher={Taylor \& Francis}
}

@inproceedings{nr2015,
     title={The Network Data Repository with Interactive Graph Analytics and Visualization},
     author={Ryan A. Rossi and Nesreen K. Ahmed},
     booktitle={AAAI},
     url={https://networkrepository.com},
     year={2015}
}

@article{kosowska2016evolving,
  title={Evolving structure of the maritime trade network: evidence from the Lloyd’s Shipping Index (1890--2000)},
  author={Kosowska-Stamirowska, Zuzanna and Ducruet, C{\'e}sar and Rai, Nishant},
  journal={Journal of Shipping and Trade},
  volume={1},
  number={1},
  pages={10},
  year={2016},
  publisher={Springer}
}

@inproceedings{kunegis2013konect,
author = {Kunegis, Jérôme},
year = {2013},
month = {05},
pages = {1343-1350},
title = {KONECT: the Koblenz network collection},
journal = {WWW 2013 Companion - Proceedings of the 22nd International Conference on World Wide Web},
doi = {10.1145/2487788.2488173}
}

@article{chizat2017sinkhornlog,
      title={Scaling Algorithms for Unbalanced Transport Problems}, 
      author={Lenaic Chizat and Gabriel Peyré and Bernhard Schmitzer and François-Xavier Vialard},
      year={2017},
      eprint={1607.05816},
      archivePrefix={arXiv},
      primaryClass={math.OC}
}

@inproceedings{xiang2023cualign,
  title={cuAlign: Scalable Network Alignment on GPU Accelerators},
  author={Xiang, Lizhi and Khan, Arif and Ferdous, SM and Aravind, Sr and Halappanavar, Mahantesh},
  booktitle={Proceedings of the SC'23 Workshops of The International Conference on High Performance Computing, Network, Storage, and Analysis},
  pages={747--755},
  year={2023}
}

@inproceedings{tang2023robust,
  title={Robust attributed graph alignment via joint structure learning and optimal transport},
  author={Tang, Jianheng and Zhang, Weiqi and Li, Jiajin and Zhao, Kangfei and Tsung, Fugee and Li, Jia},
  booktitle={2023 IEEE 39th International Conference on Data Engineering (ICDE)},
  pages={1638--1651},
  year={2023},
  organization={IEEE}
}

@article{shi2018graph,
  title={Graph processing on GPUs: A survey},
  author={Shi, Xuanhua and Zheng, Zhigao and Zhou, Yongluan and Jin, Hai and He, Ligang and Liu, Bo and Hua, Qiang-Sheng},
  journal={ACM Computing Surveys (CSUR)},
  volume={50},
  number={6},
  pages={1--35},
  year={2018},
  publisher={ACM New York, NY, USA}
}

@article{li2023importance,
  title={Importance sparsification for Sinkhorn algorithm},
  author={Li, Mengyu and Yu, Jun and Li, Tao and Meng, Cheng},
  journal={arXiv preprint arXiv:2306.06581},
  year={2023}
}

@misc{davis2014spatial,
  title={Spatial analyses of wildlife contact networks. JR Soc Interface. 2015; 12: 20141004},
  author={Davis, S and Abbasi, B and Shah, S and Telfer, S and Begon, M},
  year={2014}
}

@article{vijayan2017multiple,
  title={Multiple network alignment via multiMAGNA++},
  author={Vijayan, Vipin and Milenkovi{\'c}, Tijana},
  journal={IEEE/ACM transactions on computational biology and bioinformatics},
  volume={15},
  number={5},
  pages={1669--1682},
  year={2017},
  publisher={IEEE}
}